<?xml version="1.0" encoding="UTF-8"?><record xmlns="http://www.loc.gov/MARC21/slim" xmlns:cinclude="http://apache.org/cocoon/include/1.0" xmlns:zs="http://www.loc.gov/zing/srw/">
  <leader>00509cz  a2200145n  4500</leader>
  <controlfield tag="001">n  84164553 </controlfield>
  <controlfield tag="003">DLC</controlfield>
  <controlfield tag="005">19920715093404.9</controlfield>
  <controlfield tag="008">841001n| acannaab|          |a aaa |||  </controlfield>
  <datafield tag="010" ind1=" " ind2=" ">
    <subfield code="a">n  84164553 </subfield>
  </datafield>
  <datafield tag="040" ind1=" " ind2=" ">
    <subfield code="a">DLC</subfield>
    <subfield code="c">DLC</subfield>
    <subfield code="d">DNLM</subfield>
  </datafield>
  <datafield tag="100" ind1="1" ind2="0">
    <subfield code="a">Dorpat, Theodore L.</subfield>
  </datafield>
  <datafield tag="400" ind1="1" ind2="0">
    <subfield code="a">Dorpat, Theo. L.</subfield>
    <subfield code="q">(Theodore L.)</subfield>
  </datafield>
  <datafield tag="670" ind1=" " ind2=" ">
    <subfield code="a">His Denial and defense in the therapeutic situation, 1985:</subfield>
    <subfield code="b">CIP t.p. (Theodore L. Dorpat, M.D.)</subfield>
  </datafield>
  <datafield tag="670" ind1=" " ind2=" ">
    <subfield code="a">His Meaning analysis, 1992:</subfield>
    <subfield code="b">CIP t.p. (Theo. L. Dorpat) data sheet (Theodore L. Dorpat)</subfield>
  </datafield>
</record>